<record><leader>00000cas a22000007a 4500</leader><controlfield tag="001">10587619</controlfield><controlfield tag="008">840403d18921895ohudn ne      0    0eng d</controlfield><datafield ind1=" " ind2=" " tag="010"><subfield code="a">sn 84028195 </subfield></datafield><datafield ind1=" " ind2=" " tag="040"><subfield code="a">NPY</subfield><subfield code="b">eng</subfield><subfield code="c">NPY</subfield><subfield code="d">ONP</subfield><subfield code="d">OCLCQ</subfield></datafield><datafield ind1=" " ind2=" " tag="042"><subfield code="a">msc</subfield></datafield><datafield ind1="0" ind2="0" tag="245"><subfield code="a">Daily Painesville journal.</subfield></datafield><datafield ind1=" " ind2=" " tag="260"><subfield code="a">Painesville, Ohio :</subfield><subfield code="b">Journal Pub. Co.,</subfield><subfield code="c">1892-</subfield></datafield><datafield ind1=" " ind2=" " tag="300"><subfield code="a">v.</subfield></datafield><datafield ind1=" " ind2=" " tag="310"><subfield code="a">Daily (except Sun.)</subfield></datafield><datafield ind1="0" ind2=" " tag="362"><subfield code="a">Vol. 1, no. 1 (July 16, 1892)-</subfield></datafield><datafield ind1="1" ind2=" " tag="362"><subfield code="a">Ceased in Mar. 1895?</subfield></datafield><datafield ind1=" " ind2=" " tag="500"><subfield code="a">Publishers: Journal Pub. Co., July-Dec. 6, 1892; James E. Chambers, Dec. 12, 1892-&lt;Dec., 1894&gt;.</subfield></datafield><datafield ind1=" " ind2=" " tag="500"><subfield code="a">"A Democratic family newspaper," July 10, 1893-&lt;Dec., 1894&gt;.</subfield></datafield><datafield ind1=" " ind2=" " tag="515"><subfield code="a">Vol. 1, no. 145 (Jan. 3, 1893) misdated 1892.</subfield></datafield><datafield ind1=" " ind2=" " tag="580"><subfield code="a">Weekly ed.: Northern Ohio journal (Painesville, Ohio : 1872).</subfield></datafield><datafield ind1=" " ind2="4" tag="651"><subfield code="a">Painesville (Ohio)</subfield><subfield code="v">Newspapers.</subfield></datafield><datafield ind1=" " ind2="4" tag="651"><subfield code="a">Lake County (Ohio)</subfield><subfield code="v">Newspapers.</subfield></datafield><datafield ind1=" " ind2=" " tag="752"><subfield code="a">United States</subfield><subfield code="b">Ohio</subfield><subfield code="c">Lake</subfield><subfield code="d">Painesville.</subfield></datafield><datafield ind1="1" ind2=" " tag="775"><subfield code="t">Northern Ohio journal (Painesville, Ohio : 1872)</subfield><subfield code="w">(DLC)sn 84028194</subfield></datafield><datafield ind1="0" ind2="0" tag="785"><subfield code="t">Painesville daily journal</subfield><subfield code="w">(DLC)sn 84028196</subfield></datafield><datafield ind1="1" ind2=" " tag="029"><subfield code="a">AU@</subfield><subfield code="b">000020544432</subfield></datafield></record>